<?xml version="1.0" encoding="UTF-8"?><collection xmlns="http://www.loc.gov/MARC21/slim"><record><leader>00332nam--2200121-i-4500</leader><controlfield tag="001">000046202</controlfield><controlfield tag="002">20161230</controlfield><controlfield tag="005">20161230201045</controlfield><controlfield tag="008">060222s1000------------r-----000-0-eng-d</controlfield><datafield ind1=" " ind2=" " tag="080"><subfield code="a">5(031)=20</subfield></datafield><datafield ind1=" " ind2=" " tag="245"><subfield code="a">Van nostrand`s scientific encyclopedia. third edition</subfield></datafield><datafield ind1=" " ind2=" " tag="260"><subfield code="a">Princeton, D.Van Nostrand Co., Inc., 1938, 1839p</subfield></datafield><datafield ind1=" " ind2=" " tag="852"><subfield code="a">D.637</subfield></datafield></record></collection>